
@Techreport{BBBSV16,
  Title                    = {Durchlässigkeit europäischer Arbeitsmärkte},
  Author                   = {Bachmann, R. and Bechara, P. and Bredtmann, J. and Schaffner, S. and Vonnahme, C.},
  Institution              = {Bertelsmann Stiftung},
  Year                     = {2016},
  Language                 = {DE},
  Dataset                  = {EU-SILC LFS},
  Keywords                 = {tenure; labour market transitions; labour market dynamics; worker flows; great recession; crisis; business cycle; shift-share analysis; demographic change},
  Project                  = {Labour Market Transitions in Turbulent Times},
  Timestamp                = {2017.01.12},
  Crosurl                  = {http://ec.europa.eu/eurostat/cros/system/files/28-2013-3-durchlaessigleitarbeitsm_europaescher_arbeitsmarkte_0.pdf}
}

@Techreport{BFFGR15,
  Title                    = {Job tenure in turbulent times},
  Author                   = {Bachmann, R. and Felder, R. and Frings, H., and Giesecke, M. and Rzepka, S.},
  Institution              = {European Foundation for the Improvement of Living and Working Conditions (Eurofound)},
  Year                     = {2015},
  Address                  = {Luxembourg},
  Language                 = {EN},
  Dataset                  = {EU-SILC LFS},
  Doi                      = {10.2806/420768},
  ISBN                     = {978-92-897-1385-6},
  Keywords                 = {tenure; labour market transitions; labour market dynamics; worker flows; great recession; crisis; business cycle; shift-share analysis; demographic change},
  Project                  = {Labour Market Transitions in Turbulent Times},
  Publisher                = {Publications Office of the European Union},
  Timestamp                = {2017.01.12},
  Crosurl                  = {http://ec.europa.eu/eurostat/cros/system/files/28-2013-1-job_tenure_in_turbulent_times_0.pdf}
}

@Phdthesis{Bankhead16,
  Title                    = {The Gender Wage Gaps in Estonia and Latvia: A Comparative Empirical Analysis},
  Author                   = {Bankhead, R.},
  School                   = {University of Nottingham},
  Year                     = {2016},
  Language                 = {EN},
  Dataset                  = {SES},
  Project                  = {Gender Pay Gap in Latvia and Estonia: a comparative empirical analysis},
  Timestamp                = {2017.01.12},
  Crosurl                  = {http://ec.europa.eu/eurostat/cros/system/files/317-2015-comparative_empirical_analysis_-_estonia_and_latvia.pdf}
}

@Techreport{BV14,
  Title                    = {Early Retirement Across Europe. Does Non-Standard Employment Increase Participation of Older Workers?},
  Author                   = {Been, J. and van Vliet, O.},
  Institution              = {Netspar},
  Year                     = {2014},
  Language                 = {EN},
  Note                     = {Discussion paper},
  Number                   = {10-2014-044},
  Abstract                 = {Reforming Social Security},
  Dataset                  = {LFS},
  Doi                      = {10.2139/ssrn.2510401},
  Keywords                 = {early retirement; part-time employment; self-employment; social insurance programs; labor market institutions},
  Organization             = {Netspar Discussion Paper},
  Project                  = {Reforming Social Security},
  Timestamp                = {2017.01.12},
  Crosurl                  = {http://ec.europa.eu/eurostat/cros/system/files/146-2014-early_retirement_across_europe_.pdf}
}

@Techreport{BBCL15,
  Title                    = {The Effect of Regulatory Harmonization on Cross-border Labor Migration: Evidence from the Accounting Profession},
  Author                   = {Bloomfield, M.J. and Brüggemann, U. and Christensen, H.B. and Leuz, C.},
  Institution              = {National Bureau of Economic Research},
  Year                     = {2015},
  Language                 = {EN},
  Month                    = {January},
  Number                   = {20888},
  Type                     = {Working Paper},
  Dataset                  = {ECHP EU-SILC LFS SES},
  Doi                      = {10.3386/w20888},
  Keywords                 = {accounting harmonization; regulation; IFRS; European Union; labor migration and mobility},
  Project                  = {Cross-Border Labour Migration and the Harmonization of Professional Standards},
  Series                   = {Working Paper Series},
  Timestamp                = {2017.01.12},
  Crosurl                  = {http://ec.europa.eu/eurostat/cros/system/files/267-2014-the_effect_of_regulatory_harmonization_.pdf}
}

@Article{BH14,
  Title                    = {Opleidingsmismatch tussen vraag en aanbod. De positie van Vlaanderen in Europa},
  Author                   = {Braes, S. and Herremans, W.},
  Journal                  = {Over.Werk. Tijdschrift van het Steunpunt Werk},
  Year                     = {2014},
  Language                 = {NL},
  Number                   = {1},
  Pages                    = {37-43},
  Volume                   = {24},
  Dataset                  = {EU-SILC LFS},
  Keywords                 = {NEET; youth; education; labour market; youth unemployment; flexibility; labour mobility},
  Project                  = {Monitoring and benchmarking of the Flemish labour market in a European comparative perspective},
  Timestamp                = {2017.01.12},
  Url                      = {http://www.steunpuntwerk.be/node/3051}
}

@Techreport{Cedefop15a,
  Title                    = {Job-related adult learning and continuing vocational training in Europe: a statistical picture},
  Author                   = {Cedefop},
  Institution              = {European Centre for the Development of Vocational Training (Cedefop)},
  Year                     = {2015},
  Address                  = {Luxembourg},
  Language                 = {EN},
  Note                     = {Cedefop research paper; Annexes: http://ec.europa.eu/eurostat/cros/system/files/29-2014-1-job-related_adult_learning_and_.-annex.pdf},
  Number                   = {48},
  Dataset                  = {AES CVTS},
  Doi                      = {10.2801/392276},
  ISBN                     = {978-92-896-1930-1},
  Keywords                 = {lifelong learning; adult learning; job-related non-formal education; employer-sponsored further education; continuing vocational education; human resource development; inequality in participation in further education; funding of lifelong learning; cost-sharing schemes in adult learning},
  Project                  = {Analysis of the Continuing Vocational Training and Adult Education Surveys, carried out in the framework of service contract no.2012-0156.},
  Publisher                = {Publications Office of the European Union},
  Timestamp                = {2017.01.12},
  Crosurl                  = {http://ec.europa.eu/eurostat/cros/system/files/29-2014-1-job-related_adult_learning_and__0.pdf}
}

@Techreport{Cedefop15b,
  Title                    = {Unequal access to job-related learning: evidence from the adult education survey},
  Author                   = {Cedefop},
  Institution              = {European Centre for the Development of Vocational Training (Cedefop)},
  Year                     = {2015},
  Address                  = {Luxembourg},
  Language                 = {EN},
  Note                     = {Cedefop research paper; Annexes: http://ec.europa.eu/eurostat/cros/system/files/29-2014-2-unequal_access_to_job-related_learing_.-annex.pdf},
  Number                   = {52},
  Dataset                  = {AES CVTS},
  Doi                      = {10.2801/219228},
  ISBN                     = {978-92-896-1991-2},
  Keywords                 = {lifelong learning; adult learning; job-related non-formal education; employer-sponsored further education; continuing vocational education; human resource development; inequality in participation in further education; funding of lifelong learning; cost-sharing schemes in adult learning},
  Project                  = {Analysis of the Continuing Vocational Training and Adult Education Surveys, carried out in the framework of service contract no.2012-0156.},
  Publisher                = {Publications Office of the European Union},
  Timestamp                = {2017.01.12},
  Crosurl                  = {http://ec.europa.eu/eurostat/cros/system/files/29-2014-2-unequal_access_to_job-related_learing_.pdf}
}

@Techreport{CHSGB15,
  Title                    = {ERM Annual report 2014: Restructuring in the public sector},
  Author                   = {Celikel-Esser, F. and Hurley, J. and Storrie, D. and Gerogiannis, E. and Broughton, A.},
  Institution              = {European Foundation for the Improvement of Living and Working Conditions (Eurofound)},
  Year                     = {2015},
  Address                  = {Luxembourg},
  Language                 = {EN},
  Dataset                  = {EU-SILC LFS},
  Doi                      = {10.2806/683858},
  ISBN                     = {978-92-897-1399-3},
  Keywords                 = {tenure; labour market transitions; labour market dynamics; worker flows; great recession; crisis; business cycle; shift-share analysis; demographic change},
  Project                  = {Labour Market Transitions in Turbulent Times},
  Publisher                = {Publications Office of the European Union},
  Timestamp                = {2017.01.12},
  Crosurl                  = {http://ec.europa.eu/eurostat/cros/system/files/28-2013-2-restructuring_in_the_public_sector_0.pdf}
}

@Techreport{BGS15,
  Title                    = {The migration and integration of {M}oroccan and Ukrainian migrants in {I}taly : policies and measures},
  Author                   = {Di Bartolomeo, A. and Gabrielli, G. and Strozza, S.},
  Institution              = {European University Institute},
  Year                     = {2015},
  Language                 = {EN},
  Note                     = {Embargoed until 2019},
  Crospub                  = {01/12/2016},
  Dataset                  = {LFS},
  Doi                      = {10.2870/870237},
  ISBN                     = {9789290842804},
  Keywords                 = {integration; immigration; emigration polices; diaspora polices; labour market; educationv political participationv naturalisation; third country nationals},
  Project                  = {The INTERACT Project - Research on the integration of third-country nationals in the European Union as a three-way process.},
  Timestamp                = {2017.01.12},
  Crosurl                  = {https://ec.europa.eu/migrant-integration/librarydoc/the-migration-and-integration-of-moroccan-and-ukrainian-migrants-in-italy-policies-and-measures}
}

@Techreport{DLRRS15,
  Title                    = {Wage and Income Inequality in the European Union},
  Author                   = {Dreger, C. and Lopez-bazo, E. Ramos, R. and Royuela, V. and SurinachH, J.},
  Institution              = {European Parliament - Directorate General for International Policies},
  Year                     = {2015},
  Language                 = {EN},
  Number                   = {IP/A/EMPL/2013-05},
  Dataset                  = {EU-SILC LFS SES},
  Doi                      = {10.2861/48742},
  ISBN                     = {978-92-823-6318-8},
  Keywords                 = {pay; pay policy; social inequality; labour market; income; collective bargaining; employment policy; European Union; wage determination; low pay; collective bargaining; equal pay; outsourcing; technological change; distribution of income; globalisation},
  Project                  = {Wage Dispersion in the European Union},
  Timestamp                = {2017.01.12},
  Crosurl                  = {https://ec.europa.eu/eurostat/cros/system/files/05-2014-wage_and_income_inequality_in_the_eu_0.pdf}
}

@Techreport{DRA16,
  Title                    = {Extending working lives through flexible retirement schemes: Partial retirement},
  Author                   = {Dubois, H. and Runceanu, G. and Anderson, R.},
  Institution              = {European Foundation for the Improvement of Living and Working Conditions (Eurofound)},
  Year                     = {2016},
  Address                  = {Luxembourg},
  Language                 = {EN},
  Dataset                  = {EU-SILC LFS},
  Doi                      = {10.2806/004233},
  ISBN                     = {978-92-897-1541-6},
  Keywords                 = {retirement; work; pension},
  Project                  = {Extending working lives through flexible retirement schemes},
  Publisher                = {Publications Office of the European Union},
  Timestamp                = {2017.01.12},
  Crosurl                  = {http://ec.europa.eu/eurostat/cros/system/files/203-2015-extending_working_time_lives_0.pdf}
}

@Techreport{BIB16,
  Title                    = {Datenreport zum Berufsbildungsbericht 2016: Informationen und Analysen zur Entwicklung der beruflichen Bildung},
  Author                   = {Friedrich, M.},
  Institution              = {Bundesinstitut für Berufsbildung},
  Year                     = {2016},
  Language                 = {DE},
  Dataset                  = {AES CVTS},
  ISBN                     = {978-3-945981-26-9},
  Keywords                 = {adult learning in Europe; training behavior of adults; training participation by different groups of person; continuing vocational training; training organization in enterprises and training types},
  Owner                    = {grazzja},
  Project                  = {Analysis of adult learning in Europe with special focus on employer-financed education and training},
  Timestamp                = {2017.01.12},
  Crosurl                  = {http://ec.europa.eu/eurostat/cros/system/files/08-2015-bibb_datenreport_2016.pdf}
}

@Techreport{FH15,
  Title                    = {Strategic Cornerstones and Rapid Firm Growth: Evidence from European Manufacturing},
  Author                   = {Friesenbichler, K.S. and Hoelzl, W.},
  Institution              = {Austrian Institute of Economic Research},
  Year                     = {2015},
  Language                 = {EN},
  Dataset                  = {CIS},
  Keywords                 = {firm growth; dynamic strategy; innovation; CIS; Europe},
  Project                  = {High growth firms in Europe},
  Timestamp                = {2017.01.12},
  Crosurl                  = {http://ec.europa.eu/eurostat/cros/system/files/35-2015-strategic_cornerstones_and_rapid_firm_growth.pdf}
}

@Techreport{Grammenos14,
  Title                    = {European comparative data on Health of People with disabilities},
  Author                   = {Grammenos, S.},
  Institution              = {Academic Network of European Disability Experts},
  Year                     = {2014},
  Language                 = {EN},
  Note                     = {Final report - Task 6: Comparative data and indicators},
  Dataset                  = {EHIS EU-SILC},
  Project                  = {ANED - Academic Network of European Disability Experts 2012-2014; Task 6: Comparative data and indicators on persons with disabilities},
  Timestamp                = {2017.01.12},
  Crosurl                  = {http://ec.europa.eu/eurostat/cros/system/files/142-2014-aned_2014_ehis_final_report_pdf.pdf}
}

@Techreport{HKL16,
  Title                    = {Technology or upskilling? Trends in the task composition of labour markets in Central and Eastern Europe},
  Author                   = {Hardy, W. and Keister, R. and Lewandowski, P.},
  Institution              = {Instytut Badan Strukturalnych},
  Year                     = {2016},
  Language                 = {EN},
  Note                     = {Policy paper},
  Number                   = {01/2016},
  Dataset                  = {AES LFS},
  Keywords                 = {task content of jobs; routinisation; job polarisation; Central and Eastern Europe},
  Project                  = {Investigation reasons behind low participation in life-long learning  from a cross country perspective},
  Timestamp                = {2017.01.12},
  Crosurl                  = {http://ec.europa.eu/eurostat/cros/system/files/2015-133-2-trends_in_task_compostion-working_paper_01_2016.pdf}
}

@Techreport{HVRVNTSS15,
  Title                    = {Terugblik op de Vlaamse arbeidsmarkt. Ontwikkelingen sinds de jaren tachtig},
  Author                   = {Herremans, W. and Vanderbiesen, W. and Rober, A. and Vansteenkiste, S. and Neefs, B. and Theunissen, G. and Sels, L. and Sourbron, M.},
  Institution              = {Steunpunt Werk en Sociale Economie},
  Year                     = {2015},
  Language                 = {NL},
  Number                   = {1},
  Dataset                  = {EU-SILC LFS},
  ISBN                     = {9789088731181},
  Keywords                 = {NEET; youth; education; labour market; youth unemployment; flexibility; labour mobility},
  Project                  = {Monitoring and benchmarking of the Flemish labour market in a European comparative perspective},
  Timestamp                = {2017.01.12},
  Url                      = {http://www.steunpuntwerk.be/node/3239}
}

@Techreport{Husa15,
  Title                    = {Eurooppalainen palkkavertailu ammateittain: tuloksia EU-SILC-aineistosta},
  Author                   = {Husa, T.},
  Institution              = {Labour Institute for Economic Research (Palkansaajien tutkimuslaitos)},
  Year                     = {2015},
  Language                 = {FI},
  Note                     = {Working paper},
  Number                   = {298},
  Crospub                  = {01/12/2016},
  Dataset                  = {EU-SILC},
  ISBN                     = {978-952-209-142-0},
  Keywords                 = {occupational wage differences; international comparisons},
  Project                  = {Wages and income inequality across Europe},
  Timestamp                = {2016.12.01},
  Crosurl                  = {http://ec.europa.eu/eurostat/cros/system/files/01-2013_2-eurooppalainen_palkkavertailu_ammateittain-tuloksia_eu-silc-aineistosta.pdf}
}

@Techreport{ICILAS12,
  Title                    = {Final report},
  Author                   = {ICILAS},
  Institution              = {THALES Programme},
  Year                     = {2012},
  Language                 = {EL},
  Dataset                  = {EHIS EU-SILC LFS SES},
  Project                  = {Investigating Crucial Interdisciplinary Linkages in Ageing Societies (ICILAS)},
  Timestamp                = {2017.01.12},
  Crosurl                  = {http://ec.europa.eu/eurostat/cros/system/files/211-2014-final_deliverable_icilas_eu.pdf}
}

@Techreport{KSY14,
  Title                    = {Suomalainen palkkataso EU-vertailussa},
  Author                   = {Kangasniemi, M.
 and Sauramo, P.
 and Yanar, O.},
  Institution              = {Labour Institute for Economic Research (Palkansaajien tutkimuslaitos)},
  Year                     = {2014},
  Language                 = {FI},
  Number                   = {29},
  Crospub                  = {01/12/2016},
  Dataset                  = {EU-SILC},
  ISBN                     = {9789522091338},
  Keywords                 = {wage differentials; international comparisons; wage dispersion; wage setting institutions},
  Project                  = {Wages and income inequality across Europe},
  Timestamp                = {2016.12.01},
  Crosurl                  = {http://ec.europa.eu/eurostat/cros/system/files/01-2013_1-_suomalainen_palkkataso_eu-vertailussa.pdf}
}

@Article{Kaufmann15,
  Title                    = {Non-Formal Education in International Comparison: Patterns of Participation and Investment in Selected European Countries},
  Author                   = {Kaufmann, K.},
  Journal                  = {International Journal for Research in Vocational Education and Training},
  Year                     = {2015},
  Language                 = {EN},
  Number                   = {4},
  Pages                    = {239-267},
  Volume                   = {2},
  Dataset                  = {AES},
  Doi                      = {10.13152/IJRVET.2.4.1},
  Keywords                 = {NFE; participation; investment patterns; international comparison; AES 2011; vocational education;, training},
  Project                  = {Participation in adult education and training (AET) in Europe - international comparison of patterns of investment, reasons and outcomes of AET under control of country-specific macro level indicators},
  Timestamp                = {2017.01.12},
  Crosurl                  = {http://ec.europa.eu/eurostat/cros/system/files/69-2014-1-non-formal_education_in_international_comparison._patterns_of.pdf}
}

@Inproceedings{KR14,
  Title                    = {Participation in vocational adult education and training (AET) in international comparison: Patterns of investment \& providers},
  Author                   = {Kaufmann, K. and Reichart, E.},
  Booktitle                = {Proc. ECER Conference},
  Year                     = {2014},
  Language                 = {EN},
  Dataset                  = {AES},
  Keywords                 = {NFE; participation; investment patterns; international comparison; AES 2011; vocational education; training},
  Project                  = {Participation in adult education and training (AET) in Europe - international comparison of patterns of investment, reasons and outcomes of AET under control of country-specific macro level indicators},
  Timestamp                = {2017.01.12},
  Crosurl                  = {http://ec.europa.eu/eurostat/cros/system/files/69-2014-2-presentation_kaufmann_reichart_aes_2011_140904.pdf}
}

@Techreport{KL16,
  Title                    = {A routine transition? Causes and consequences of the changing content of jobs in Central and Eastern Europe},
  Author                   = {Keister, R. and Lewandowski, P.},
  Institution              = {Instytut Badan Strukturalnych},
  Year                     = {2016},
  Language                 = {EN},
  Note                     = {Policy paper},
  Number                   = {05/2016},
  Dataset                  = {AES LFS},
  Keywords                 = {task content of jobs; routinisation; job polarisation; Central and Eastern Europe},
  Project                  = {Investigation reasons behind low participation in life-long learning  from a cross country perspective},
  Timestamp                = {2017.01.12},
  Crosurl                  = {http://ec.europa.eu/eurostat/cros/system/files/2015-133-1-a_routine_transition_causes.pdf}
}

@Techreport{LPPR1515,
  Title                    = {Elderly women living alone: an update of their living conditions},
  Author                   = {Lodovici, M.S. and Patrizio, M. and Pesce, F. and Roletto, E.},
  Institution              = {European Parliament - Directorate General for International Policies},
  Year                     = {2015},
  Language                 = {EN},
  Note                     = {Study for the FEMM Commitee},
  Number                   = {IP/A/EMPL/2013-05},
  Dataset                  = {EU-SILC LFS},
  Doi                      = {10.2861/766825},
  ISBN                     = {978-92-823-7237-1},
  Keywords                 = {poverty; pension scheme; structural adjustment; social policy; EU Member State; elderly person; household income; gender equality; retirement conditions; socioeconomic conditions; older worker; care for the elderly; ageing of the population; one person household},
  Project                  = {Women living alone: Evaluation of their specific difficulties},
  Timestamp                = {2017.01.12},
  Crosurl                  = {https://ec.europa.eu/eurostat/cros/system/files/05-2014-wage_and_income_inequality_in_the_eu_0.pdf}
}

@Techreport{LP15,
  Title                    = {Informal social protection, the hybrid Greek welfare state and economic crisis dynamics},
  Author                   = {Lyberaki, A. and Prontzas, E.},
  Institution              = {Panteion University},
  Year                     = {2015},
  Language                 = {EL},
  Dataset                  = {ECHP EU-SILC LFS},
  Project                  = {Informal social protection, the hybrid Greek welfare state and economic crisis dynamics (HYBRIDWELFARE)},
  Timestamp                = {2017.01.12},
  Crosurl                  = {http://ec.europa.eu/eurostat/cros/system/files/aristeia_final_version_november2015_all_parts.pdf}
}

@Article{Malmusi14,
  Title                    = {Immigrants health and health inequality by type of integration policies in European countries},
  Author                   = {Malmusi, D.},
  Journal                  = {European Journal of Public Health},
  Year                     = {2014},
  Language                 = {EN},
  Note                     = {supplementary data: http://eurpub.oxfordjournals.org/content/eurpub/suppl/2014/08/20/cku156.DC1/ejph-2014-05-om-0401-z.pdf},
  Number                   = {25},
  Pages                    = {293-299},
  Volume                   = {25},
  Dataset                  = {EU-SILC},
  Doi                      = {10.1093/eurpub/cku156},
  Project                  = {European cross-country differences in migrants' health and healthcare access and their association with immigration policies},
  Timestamp                = {2017.01.05},
  Crosurl                  = {http://ec.europa.eu/eurostat/cros/system/files/41-2014-immigrants_health_and_health_inequality_by_type_.pdf}
}

@Techreport{MBL16,
  Title                    = {The gender employment gap: Challenges and solutions},
  Author                   = {Mascherini, M. and Bisello, M. and Leston, I.R.},
  Institution              = {European Foundation for the Improvement of Living and Working Conditions (Eurofound)},
  Year                     = {2016},
  Language                 = {EN},
  Dataset                  = {EU-SILC LFS},
  Doi                      = {10.2806/75749},
  ISBN                     = {978-92-897-1550-8},
  Keywords                 = {gender equality; gender gap; gender segregation; pay; unpaid work; labour market participation; working women},
  Project                  = {The Gender Employment Gap: Challenges and Solutions},
  Publisher                = {Publications Office of the European Union},
  Timestamp                = {2017.01.12},
  Crosurl                  = {http://ec.europa.eu/eurostat/cros/system/files/43-2015-the_gender_employment_gap-challenges_and_solutions.pdf}
}

@Techreport{MLLGRNBFWCDMV15,
  Title                    = {Social inclusion of young people},
  Author                   = {Mascherini, M. and Ludwinek, A. and Ledermaier, S. and Gstrein, M. and Rodiga-Laßnig, P. and Naylon, I. and Broek, S. and Fondeville, N. and Ward, T. and Cancedda, A. and Day, L. and Meierkord, A. and Van Beek, L.},
  Institution              = {European Foundation for the Improvement of Living and Working Conditions (Eurofound)},
  Year                     = {2015},
  Address                  = {Luxembourg},
  Language                 = {EN},
  Dataset                  = {LFS},
  Doi                      = {10.2806/588575},
  ISBN                     = {978-92-897-1402-0},
  Keywords                 = {youth; social inclusion; NEET, youth unemployment; youth guarantee; policy intervention},
  Project                  = {Social inclusion of young people - effects and impact of long term unemployment on youth},
  Publisher                = {Publications Office of the European Union},
  Timestamp                = {2016.12.01},
  Crosurl                  = {http://ec.europa.eu/eurostat/cros/system/files/85-2013-social_inclusion_of_young_people.pdf}
}

@Article{NH15,
  Title                    = {Een baan voor het leven? Over jobanciënniteit en arbeidsmobiliteit op de Vlaamse arbeidsmarkt},
  Author                   = {Neefs, B. and Herremans, W.},
  Journal                  = {Over.Werk. Tijdschrift van het Steunpunt Werk},
  Year                     = {2015},
  Language                 = {NL},
  Number                   = {2},
  Pages                    = {136-145},
  Volume                   = {25},
  Dataset                  = {EU-SILC LFS},
  Keywords                 = {NEET; youth; education; labour market; youth unemployment; flexibility; labour mobility},
  Project                  = {Monitoring and benchmarking of the Flemish labour market in a European comparative perspective},
  Timestamp                = {2017.01.12},
  Url                      = {http://www.steunpuntwerk.be/node/3342}
}

@Techreport{NHS14,
  Title                    = {Vlaanderen op de kaart van Europese regionale arbeidsmarkten},
  Author                   = {Neefs, B. and Herremans, W. and Sels, L.},
  Institution              = {Steunpunt Werk en Sociale Economie},
  Year                     = {2014},
  Language                 = {NL},
  Number                   = {7},
  Dataset                  = {EU-SILC LFS},
  ISBN                     = {9789088731181},
  Keywords                 = {NEET; youth; education; labour market; youth unemployment; flexibility; labour mobility},
  Project                  = {Monitoring and benchmarking of the Flemish labour market in a European comparative perspective},
  Timestamp                = {2017.01.12},
  Url                      = {http://www.steunpuntwerk.be/node/3202}
}

@Techreport{PDDHKR14,
  Title                    = {Firm Growth, Innovation and the Business Cycle - Background Report for the 2014 Competitiveness Report},
  Author                   = {Peters, B. and Dachs, B. and Duenser, M. and Hud, M. and Koehler, C. and Rammer, C.},
  Institution              = {Centre for European Economic Research; AIT Austrian Institute of Technology},
  Year                     = {2014},
  Language                 = {EN},
  Dataset                  = {CIS},
  Keywords                 = {innovation; employment; reallocation; compensation effect; displacement effect},
  Project                  = {Study on firm growth, innovation and the business cycle},
  Timestamp                = {2016.12.01},
  Crosurl                  = {http://ec.europa.eu/eurostat/cros/system/files/77-2013-bericht_cr2014_backgroundstudy_final5_2.pdf}
}

@Article{RS15,
  Title                    = {{Is there an added worker effect?  European labor supply during the crisis}},
  Author                   = {Riedl, A. and Schoiswohl, F.},
  Journal                  = {Focus on European Economic Integration},
  Year                     = {2015},
  Language                 = {EN},
  Pages                    = {71-88},
  Volume                   = {4},
  Dataset                  = {LFS},
  Keywords                 = {labor force participation rate; unemployment; European countries},
  Project                  = {The Driving Forces of Unemployment Dynamics in Europe},
  Timestamp                = {2016.12.08},
  Crosurl                  = {http://ec.europa.eu/eurostat/cros/system/files/13-2014-is_there_an_added_worker_effect-european_labor.pdf}
}

@Techreport{RVR14,
  Title                    = {Income Inequality, Urban Size and Economic Growth in OECD Regions},
  Author                   = {Royuela, V. and Veneri, P. and Ramos, R.},
  Institution              = {OECD Regional Development Working Papers},
  Year                     = {2014},
  Language                 = {EN},
  Number                   = {2014/10},
  Dataset                  = {EU-SILC},
  Doi                      = {10.1787/5jxrcmg88l8r-en},
  Keywords                 = {inequality; economic growth; urban; OECD regions; regional income inequality; functional urban areas; poverty; inequality indicators},
  Project                  = {Regional inequalities, agglomeration and economic growth},
  Timestamp                = {2017.01.12},
  Crosurl                  = {http://ec.europa.eu/eurostat/cros/system/files/74-2014-income_inequality_urban_size_and_economic_growth_in_oecd_regions.pdf}
}

@Article{SH16,
  Title                    = {Wel jong, niet {NEET}. {E}en analyse van de {NEET}-jongeren in {V}laanderen},
  Author                   = {Scholiers, B. and Herremans, W.},
  Journal                  = {Over.Werk. Tijdschrift van het Steunpunt Werk},
  Year                     = {2016},
  Language                 = {NL},
  Number                   = {1},
  Pages                    = {82-91},
  Volume                   = {26},
  Dataset                  = {EU-SILC LFS},
  Keywords                 = {NEET; youth; education; labour market; youth unemployment; flexibility; labour mobility},
  Project                  = {Monitoring and benchmarking of the Flemish labour market in a European comparative perspective},
  Timestamp                = {2017.01.12},
  Url                      = {http://www.steunpuntwerk.be/node/3500}
}

@Article{Sparreboom16,
  Title                    = {Occupational segregation by hours of work in Europe},
  Author                   = {Sparreboom, T.},
  Journal                  = {International Labour Review},
  Year                     = {2016},
  Language                 = {EN},
  Crospub                  = {01/12/2016},
  Dataset                  = {LFS},
  Doi                      = {10.1111/ilr.12017},
  ISSN                     = {1564-913X},
  Keywords                 = {segregation; part-time work; gender equality},
  Project                  = {Occupational segregation and part-time work in Europe},
  Timestamp                = {2016.12.01},
  Crosurl                  = {http://ec.europa.eu/eurostat/cros/system/files/08-2013-occupational_secregation_by_hours_of_work_in_europe_0.pdf}
}

@Techreport{TBB15,
  Title                    = {Men, Women and Pensions},
  Author                   = {Tinios, P. and Bettio, F. and Betti, G.},
  Institution              = {European Commission, Directorate-General for Justice and Consumers},
  Year                     = {2015},
  Language                 = {EN},
  Dataset                  = {EU-SILC},
  Doi                      = {10.2838/200295},
  ISBN                     = {978-92-79-47780-5},
  Owner                    = {grazzja},
  Project                  = {Adequacy of pensions: a gender perspective},
  Timestamp                = {2017.01.12},
  Crosurl                  = {http://ec.europa.eu/eurostat/cros/system/files/263-2014-men_women_and_pensions_en.pdf}
}

@Article{VH14a,
  Title                    = {Broos herstel van de Vlaamse arbeidsmarkt},
  Author                   = {Vanderbiesen, W. and Herremans, W.},
  Journal                  = {Over.Werk. Tijdschrift van het Steunpunt Werk},
  Year                     = {2014},
  Language                 = {NL},
  Number                   = {4},
  Pages                    = {8-20},
  Volume                   = {24},
  Dataset                  = {EU-SILC LFS},
  Keywords                 = {NEET; youth; education; labour market; youth unemployment; flexibility; labour mobility},
  Project                  = {Monitoring and benchmarking of the Flemish labour market in a European comparative perspective},
  Timestamp                = {2017.01.12},
  Url                      = {http://www.steunpuntwerk.be/node/3206}
}

@Article{VH14b,
  Title                    = {België: land van permanente vorming?},
  Author                   = {Vanderbiesen, W. and Herremans, W.},
  Journal                  = {Over.Werk. Tijdschrift van het Steunpunt Werk},
  Year                     = {2014},
  Language                 = {NL},
  Number                   = {2},
  Pages                    = {70-79},
  Volume                   = {24},
  Dataset                  = {EU-SILC LFS},
  Keywords                 = {NEET; youth; education; labour market; youth unemployment; flexibility; labour mobility},
  Project                  = {Monitoring and benchmarking of the Flemish labour market in a European comparative perspective},
  Timestamp                = {2017.01.12},
  Url                      = {http://www.steunpuntwerk.be/node/3107}
}

@Article{VH15,
  Title                    = {De Vlaamse arbeidsmarkt: het kantelpunt bereikt?},
  Author                   = {Vanderbiesen, W. and Herremans, W.},
  Journal                  = {Over.Werk. Tijdschrift van het Steunpunt Werk},
  Year                     = {2015},
  Language                 = {NL},
  Number                   = {4},
  Pages                    = {8-23},
  Volume                   = {25},
  Dataset                  = {EU-SILC LFS},
  Keywords                 = {NEET; youth; education; labour market; youth unemployment; flexibility; labour mobility},
  Project                  = {Monitoring and benchmarking of the Flemish labour market in a European comparative perspective},
  Timestamp                = {2017.01.12},
  Url                      = {http://www.steunpuntwerk.be/node/3400}
}

@Techreport{Proba14,
  Title                    = {Internasjonal sammenligning av sykefravær - Utarbeidet for Arbeids- og sosialdepartementet},
  Institution              = {Proba Research (Proba samfunnsanalyse)},
  Year                     = {2014},
  Language                 = {NO},
  Number                   = {2014-03},
  Dataset                  = {LFS},
  Keywords                 = {international comparison; sick leave},
  Project                  = {International comparison of sickness absence (Internasjonalt sammenligning av sykefravær)},
  Timestamp                = {2016.12.01},
  Crosurl                  = {http://ec.europa.eu/eurostat/cros/system/files/37-2013-rapport_2014-05_internasjonal_sammenligning_av_sykefravaer.pdf}
}

@Techreport{Lux15a,
  Title                    = {La Transition de l'adolescence vers l'âge adulte},
  Institution              = {Ministère de l'Éducation nationale, de l'Enfance et de la Jeunesse \& Université du Luxembourg},
  Year                     = {2015},
  Language                 = {FR/LU},
  Dataset                  = {EU-SILC LFS},
  Project                  = {Luxembourg Youth Report 2015},
  Timestamp                = {2017.01.12},
  Crosurl                  = {http://ec.europa.eu/eurostat/cros/system/files/132-2014-1-la_jeunesse_au_luxembourg_2015.pdf}
}

@Techreport{Lux15b,
  Title                    = {The transition from youth into adulthood},
  Institution              = {Ministère de l'Éducation nationale, de l'Enfance et de la Jeunesse \& Université du Luxembourg},
  Year                     = {2015},
  Language                 = {EN},
  Note                     = {summary},
  Dataset                  = {EU-SILC LFS},
  Project                  = {Luxembourg Youth Report 2015},
  Timestamp                = {2017.01.12},
  Crosurl                  = {http://ec.europa.eu/eurostat/cros/system/files/132-2014-2-youth-report-luxembourg2015_summary.pdf}
}

